% Encoding: UTF-8

@online{Adegbola2024,
  author = {Anu Adegbola},
  date   = {2024-06-13},
  title  = {YouTube embeds ads into videos to beat ad blockers},
  url    = {https://searchengineland.com/youtube-embeds-ads-videos-ad-blockers-443187}
}

@article{Covell2007,
  author       = {Michele Covell and Shumeet Baluja},
  date         = {2007-01-01},
  journaltitle = {Computer},
  title        = {Detecting Ads in Video Streams Using Acoustic and Visual Cues},
  number       = {12},
  pages        = {135-137},
  url          = {https://www.researchgate.net/publication/2961692_Detecting_Ads_in_Video_Streams_Using_Acoustic_and_Visual_Cues},
  volume       = {39}
}

@online{Gill2024,
  author = {Dr. Jagreet Kaur Gill},
  date   = {2024-10-01},
  title  = {Real-Time Video Streaming Applications | Complete Overview},
  url    = {https://www.xenonstack.com/blog/real-time-video-streaming-applications/}
}

@online{Li2024,
  author = {Abner Li},
  date   = {2024-06-12},
  title  = {YouTube looks to be testing server-side ad injection to counter ad blockers},
  url    = {https://9to5google.com/2024/06/12/youtube-ad-injection/}
}

@article{Liu2023,
  author       = {Zongyi (Joe) Liu and Yarong Feng and Yuan Ling and Shunyan Luo and Shujing Dong and Bruce Ferry},
  date         = {2023-01-01},
  journaltitle = {Computer},
  title        = {A deep neural framework to detect individual advertisement (ad) from videos},
  url          = {https://www.amazon.science/publications/a-deep-neural-framework-to-detect-individual-advertisement-ad-from-videos}
}

@article{Patil2021,
  author       = {Pradyumn Patil and Vishwajeet Pawar and Yashraj Pawar and Shruti Pisal},
  date         = {2021-11-27},
  journaltitle = {Computer},
  title        = {Video Content Classification usingDeep Learning},
  url          = {https://arxiv.org/abs/2111.13813}
}



@Comment{jabref-meta: databaseType:biblatex;}
